<?xml version="1.0" encoding="UTF-8"?>
  <record xmlns="http://www.loc.gov/MARC21/slim" type="Authority">
    <leader>00000nz  a2200000oc 4500</leader>
    <controlfield tag="001">128832355</controlfield>
    <controlfield tag="003">DE-101</controlfield>
    <controlfield tag="005">20220420095716.0</controlfield>
    <controlfield tag="008">040309n||aznnnaabn           | aaa    |c</controlfield>
    <datafield tag="024" ind1="7" ind2=" ">
      <subfield code="a">128832355</subfield>
      <subfield code="0">http://d-nb.info/gnd/128832355</subfield>
      <subfield code="2">gnd</subfield>
    </datafield>
    <datafield tag="035" ind1=" " ind2=" ">
      <subfield code="a">(DE-101)128832355</subfield>
    </datafield>
    <datafield tag="035" ind1=" " ind2=" ">
      <subfield code="a">(DE-588)128832355</subfield>
    </datafield>
    <datafield tag="035" ind1=" " ind2=" ">
      <subfield code="z">(DE-588a)128832355</subfield>
      <subfield code="9">v:zg</subfield>
    </datafield>
    <datafield tag="040" ind1=" " ind2=" ">
      <subfield code="a">DE-14</subfield>
      <subfield code="c">DE-14</subfield>
      <subfield code="9">r:DE-600</subfield>
      <subfield code="b">ger</subfield>
      <subfield code="d">2214</subfield>
    </datafield>
    <datafield tag="042" ind1=" " ind2=" ">
      <subfield code="a">gnd3</subfield>
    </datafield>
    <datafield tag="043" ind1=" " ind2=" ">
      <subfield code="c">XA-DE</subfield>
      <subfield code="c">XA-CZ</subfield>
    </datafield>
    <datafield tag="075" ind1=" " ind2=" ">
      <subfield code="b">p</subfield>
      <subfield code="2">gndgen</subfield>
    </datafield>
    <datafield tag="075" ind1=" " ind2=" ">
      <subfield code="b">piz</subfield>
      <subfield code="2">gndspec</subfield>
    </datafield>
    <datafield tag="079" ind1=" " ind2=" ">
      <subfield code="a">g</subfield>
      <subfield code="q">a</subfield>
      <subfield code="q">f</subfield>
    </datafield>
    <datafield tag="100" ind1="0" ind2=" ">
      <subfield code="a">Heinrich</subfield>
      <subfield code="b">II.</subfield>
      <subfield code="c">Münsterberg, Herzog</subfield>
      <subfield code="d">1507-1548</subfield>
    </datafield>
    <datafield tag="375" ind1=" " ind2=" ">
      <subfield code="a">1</subfield>
      <subfield code="2">iso5218</subfield>
    </datafield>
    <datafield tag="400" ind1="0" ind2=" ">
      <subfield code="a">Heinricus</subfield>
      <subfield code="b">II.</subfield>
      <subfield code="c">Monsterbergensis, Herzog</subfield>
      <subfield code="d">1507-1548</subfield>
    </datafield>
    <datafield tag="400" ind1="0" ind2=" ">
      <subfield code="a">Heinricus</subfield>
      <subfield code="b">II.</subfield>
      <subfield code="c">Münsterberg, Herzog</subfield>
      <subfield code="d">1507-1548</subfield>
    </datafield>
    <datafield tag="400" ind1="0" ind2=" ">
      <subfield code="a">Heinrich</subfield>
      <subfield code="b">II.</subfield>
      <subfield code="c">Münsterberg-Öls, Herzog</subfield>
      <subfield code="d">1507-1548</subfield>
    </datafield>
    <datafield tag="400" ind1="0" ind2=" ">
      <subfield code="a">Heinrich</subfield>
      <subfield code="b">II.</subfield>
      <subfield code="c">Münsterberg-Oels, Herzog</subfield>
      <subfield code="d">1507-1548</subfield>
    </datafield>
    <datafield tag="400" ind1="0" ind2=" ">
      <subfield code="a">Heinrich</subfield>
      <subfield code="b">II</subfield>
      <subfield code="c">Podiebrad, Herzog</subfield>
      <subfield code="d">1507-1548</subfield>
    </datafield>
    <datafield tag="500" ind1="0" ind2=" ">
      <subfield code="0">(DE-101)10427817X</subfield>
      <subfield code="0">(DE-588)10427817X</subfield>
      <subfield code="0">https://d-nb.info/gnd/10427817X</subfield>
      <subfield code="a">Karel</subfield>
      <subfield code="b">I.</subfield>
      <subfield code="c">Minstrberk, Kníže</subfield>
      <subfield code="d">1476-1536</subfield>
      <subfield code="4">bezf</subfield>
      <subfield code="4">https://d-nb.info/standards/elementset/gnd#familialRelationship</subfield>
      <subfield code="w">r</subfield>
      <subfield code="i">Beziehung familiaer</subfield>
      <subfield code="e">Beziehung familiaer</subfield>
      <subfield code="9">v:Vater</subfield>
    </datafield>
    <datafield tag="500" ind1="0" ind2=" ">
      <subfield code="0">(DE-101)115561897</subfield>
      <subfield code="0">(DE-588)115561897</subfield>
      <subfield code="0">https://d-nb.info/gnd/115561897</subfield>
      <subfield code="a">Karl</subfield>
      <subfield code="b">II.</subfield>
      <subfield code="c">Münsterberg-Oels, Herzog</subfield>
      <subfield code="d">1545-1617</subfield>
      <subfield code="4">bezf</subfield>
      <subfield code="4">https://d-nb.info/standards/elementset/gnd#familialRelationship</subfield>
      <subfield code="w">r</subfield>
      <subfield code="i">Beziehung familiaer</subfield>
      <subfield code="e">Beziehung familiaer</subfield>
      <subfield code="9">v:Sohn</subfield>
    </datafield>
    <datafield tag="500" ind1="0" ind2=" ">
      <subfield code="0">(DE-101)1108328539</subfield>
      <subfield code="0">(DE-588)1108328539</subfield>
      <subfield code="0">https://d-nb.info/gnd/1108328539</subfield>
      <subfield code="a">Salome</subfield>
      <subfield code="c">Münsterberg-Öls, Herzogin</subfield>
      <subfield code="d">1540-1567</subfield>
      <subfield code="4">bezf</subfield>
      <subfield code="4">https://d-nb.info/standards/elementset/gnd#familialRelationship</subfield>
      <subfield code="w">r</subfield>
      <subfield code="i">Beziehung familiaer</subfield>
      <subfield code="e">Beziehung familiaer</subfield>
      <subfield code="9">v:Tochter</subfield>
    </datafield>
    <datafield tag="548" ind1=" " ind2=" ">
      <subfield code="a">1507-1548</subfield>
      <subfield code="4">datl</subfield>
      <subfield code="4">https://d-nb.info/standards/elementset/gnd#dateOfBirthAndDeath</subfield>
      <subfield code="w">r</subfield>
      <subfield code="i">Lebensdaten</subfield>
    </datafield>
    <datafield tag="667" ind1=" " ind2=" ">
      <subfield code="a">VD-17</subfield>
    </datafield>
    <datafield tag="670" ind1=" " ind2=" ">
      <subfield code="a">Zedler</subfield>
    </datafield>
    <datafield tag="670" ind1=" " ind2=" ">
      <subfield code="a">Wikipedia</subfield>
      <subfield code="u">https://de.wikipedia.org/wiki/Heinrich_II._(M%C3%BCnsterberg-Oels)</subfield>
    </datafield>
    <datafield tag="675" ind1=" " ind2=" ">
      <subfield code="a">DbA</subfield>
    </datafield>
    <datafield tag="678" ind1=" " ind2=" ">
      <subfield code="b">Herzog von Münsterberg, 1536-1542 Herzog von Oels und 1542-1548 Herzog von Bernstadt; führte auch den Titel eines Grafen von Glatz; Lutheraner</subfield>
    </datafield>
    <datafield tag="913" ind1=" " ind2=" ">
      <subfield code="S">pnd</subfield>
      <subfield code="i">5</subfield>
      <subfield code="a">Heinrich &lt;Münsterberg, Herzog, II.&gt;</subfield>
      <subfield code="0">(DE-588a)128832355</subfield>
    </datafield>
  </record>
